<record><leader>00000cas a2200000 a 4500</leader><controlfield tag="001">27967657</controlfield><controlfield tag="008">930422d19871987iluwr ne      0    0eng c</controlfield><datafield ind1=" " ind2=" " tag="010"><subfield code="a">sn 93055463 </subfield></datafield><datafield ind1=" " ind2=" " tag="040"><subfield code="a">NVF</subfield><subfield code="b">eng</subfield><subfield code="c">NVF</subfield><subfield code="d">OCLCQ</subfield><subfield code="d">NVF</subfield><subfield code="d">OCLCQ</subfield><subfield code="d">OCLCF</subfield><subfield code="d">OCLCO</subfield></datafield><datafield ind1="1" ind2=" " tag="029"><subfield code="a">AU@</subfield><subfield code="b">000020739254</subfield></datafield><datafield ind1=" " ind2=" " tag="042"><subfield code="a">pcc</subfield></datafield><datafield ind1=" " ind2=" " tag="043"><subfield code="a">n-us-il</subfield></datafield><datafield ind1="0" ind2="0" tag="245"><subfield code="a">Weekly merchant.</subfield></datafield><datafield ind1=" " ind2=" " tag="250"><subfield code="a">South county ed.</subfield></datafield><datafield ind1=" " ind2=" " tag="260"><subfield code="a">Mt. Pulaski, Ill. :</subfield><subfield code="b">[s.n.],</subfield><subfield code="c">1987.</subfield></datafield><datafield ind1=" " ind2=" " tag="300"><subfield code="a">v.</subfield></datafield><datafield ind1=" " ind2=" " tag="310"><subfield code="a">Weekly</subfield></datafield><datafield ind1="0" ind2=" " tag="362"><subfield code="a">Vol. 1, no. 1 (July 23, 1987)-v. 1, no. 23 (Dec. 28, 1987).</subfield></datafield><datafield ind1=" " ind2=" " tag="500"><subfield code="a">Subsequent editor and publisher: Michael Lakin, Oct. 5, 1987.</subfield></datafield><datafield ind1=" " ind2=" " tag="500"><subfield code="a">Issues for Sept. 21-Dec. 28, 1987 called: South county ed.</subfield></datafield><datafield ind1=" " ind2=" " tag="500"><subfield code="a">"[A] free paper provided to the residents of Logan County.</subfield></datafield><datafield ind1=" " ind2=" " tag="500"><subfield code="a">"Serving RR3, Lincoln, Beason, Chestnut, Latham, Mt. Pulsaki, Lake Fork, Cornland, Elkhart, Broadwell &amp; Middletown"--Sept. 4, 1987.</subfield></datafield><datafield ind1=" " ind2="0" tag="651"><subfield code="a">Mount Pulaski (Ill.)</subfield><subfield code="v">Newspapers.</subfield></datafield><datafield ind1=" " ind2="0" tag="651"><subfield code="a">Logan County (Ill.)</subfield><subfield code="v">Newspapers.</subfield></datafield><datafield ind1=" " ind2="7" tag="655"><subfield code="a">Newspapers.</subfield><subfield code="2">fast</subfield><subfield code="0">(OCoLC)fst01423814</subfield></datafield><datafield ind1=" " ind2="7" tag="651"><subfield code="a">Illinois</subfield><subfield code="z">Logan County.</subfield><subfield code="2">fast</subfield><subfield code="0">(OCoLC)fst01205030</subfield></datafield><datafield ind1=" " ind2="7" tag="651"><subfield code="a">Illinois</subfield><subfield code="z">Mount Pulaski.</subfield><subfield code="2">fast</subfield><subfield code="0">(OCoLC)fst01237184</subfield></datafield><datafield ind1=" " ind2=" " tag="752"><subfield code="a">United States</subfield><subfield code="b">Illinois</subfield><subfield code="c">Logan</subfield><subfield code="d">Mount Pulaski.</subfield></datafield><datafield ind1="0" ind2="0" tag="785"><subfield code="t">Independent free press</subfield><subfield code="w">(DLC)sn 93055464</subfield><subfield code="w">(OCoLC)27967737</subfield></datafield></record>